@MISC{aptitudequestions,
    TITLE = {C Operators - Aptitude Questions \& Answers
},
    HOWPUBLISHED = {includehelp.com},
    URL = {https://www.includehelp.com/c/operators-aptitude-questions-and-answers.aspx},
    urldate = {2019-11-28}
}

@book{ciso2007,
    url={http://www.open-std.org/jtc1/sc22/wg14/www/docs/n1256.pdf},
    title={C ISO/IEC 9899:TC3},
    type = {Standard},
    month={sep},
    year={2007},
    pages={43--45},
    publisher={ANSII \& ISO}
}
