@misc{ref_example,
    url = {https://www.googe.com},
    title = {Reference title},
    year = {2018},
    author = {Firstname Surname}
}